<?xml version="1.0" encoding="UTF-8"?><collection xmlns="http://www.loc.gov/MARC21/slim"><record><leader>00432nam--2200157-i-4500</leader><controlfield tag="001">000027846</controlfield><controlfield tag="002">20161230</controlfield><controlfield tag="005">20170306161056</controlfield><controlfield tag="008">060222s1000------------r-----000-0-eng-d</controlfield><datafield ind1=" " ind2=" " tag="040"><subfield code="a">IFIN- HH</subfield></datafield><datafield ind1="1" ind2=" " tag="100"><subfield code="a">Kruger, Charles H., Mitchner, M</subfield></datafield><datafield ind1="1" ind2="0" tag="245"><subfield code="a">Partially ionized gases</subfield></datafield><datafield ind1=" " ind2=" " tag="260"><subfield code="a">New York, John Wiley &amp; Sons, 1973. 514p</subfield></datafield><datafield ind1="0" ind2=" " tag="490"><subfield code="a">Wiley Series In Plasma Physics</subfield></datafield><datafield ind1=" " ind2=" " tag="852"><subfield code="a">41989</subfield><subfield code="c">533.9</subfield></datafield><datafield ind1=" " ind2=" " tag="CAT"><subfield code="a">SYS</subfield><subfield code="c">20170306</subfield><subfield code="h">161056</subfield></datafield></record></collection>